@article{marcillo2022systematic,
	title={A Systematic Literature Review of Learning-Based Traffic Accident Prediction Models Based on Heterogeneous Sources},
	author={Marcillo, Pablo and Valdivieso Caraguay, {\'A}ngel Leonardo and Hern{\'a}ndez-{\'A}lvarez, Myriam},
	journal={Applied Sciences},
	volume={12},
	number={9},
	pages={4529},
	year={2022},
	publisher={MDPI}
}
@misc{GeoTab,
	author = {GEOTAB},
	title = {¿Qué es el puerto OBDII? Historia del diagnóstico a bordo},
	howpublished = {Disponible en: \url{https://www.geotab.com/es/blog/obd-ii/}},
	note = {Ultimo Acceso: \today},
	year = {2024}
}
@misc{AccuWeather,
	author = {Wikipedia},
	title = {AccuWeather},
	howpublished = {Disponible en: \url{https://en.wikipedia.org/wiki/AccuWeather}},
	note = {Ultimo Acceso: \today},
	year = {2024}
}
@misc{Android,
	author = {Android Studio},
	title = {Android Studio},
	howpublished = {Disponible en: \url{https://developer.android.com/studio?hl=es-419}},
	note = {Ultimo Acceso: \today},
	year = {2024}
}
@misc{CONUEE,
	author = {COMISIÓN NACIONAL PARA EL USO EFICIENTE DE LA ENERGÍA},
	title = {DIAGNÓSTICO A BORDO (OBD)},
	howpublished = {Disponible en: \url{https://www.gob.mx/cms/uploads/attachment/file/187221/diagnosticoabordo_1_260117.pdf}},
	note = {Ultimo Acceso: \today},
	year = {2024}
}
@misc{AWS_S3,
	author = {AWS},
	title = {Amazon S3},
	howpublished = {Disponible en: \url{https://aws.amazon.com/es/s3/}},
	note = {Ultimo Acceso: \today},
	year = {2024}
}
@misc{AccuWeather_2,
	author = {AccuWeather},
	title = {AccuWeather},
	howpublished = {Disponible en: \url{https://www.accuweather.com/}},
	note = {Ultimo Acceso: \today},
	year = {2024}
}
@misc{DynamoDb,
	author = {AWS},
	title = {Amazon DynamoDB},
	howpublished = {Disponible en: \url{https://aws.amazon.com/es/dynamodb/}},
	note = {Ultimo Acceso: \today},
	year = {2023}
}