@article{marcillo2022systematic,
	title={A Systematic Literature Review of Learning-Based Traffic Accident Prediction Models Based on Heterogeneous Sources},
	author={Marcillo, Pablo and Valdivieso Caraguay, {\'A}ngel Leonardo and Hern{\'a}ndez-{\'A}lvarez, Myriam},
	journal={Applied Sciences},
	volume={12},
	number={9},
	pages={4529},
	year={2022},
	publisher={MDPI}
}
@misc{IAM,
	author = {AWS},
	title = {AWS Identity and Access Management.},
	howpublished = {Disponible en: \url{https://aws.amazon.com/es/iam/}},
	note = {Ultimo Acceso: \today},
	year = {2023}
}
@misc{SageMaker,
	author = {AWS},
	title = {Qué es Amazon SageMaker.},
	howpublished = {Disponible en: \url{https://docs.aws.amazon.com/es_es/sagemaker/latest/dg/whatis.html}},
	note = {Ultimo Acceso: \today},
	year = {2023}
}
@misc{Jupyter,
	author = {JupyterLab},
	title = {JupyterLab: A Next-Generation Notebook Interface.},
	howpublished = {Disponible en: \url{https://jupyter.org/}},
	note = {Ultimo Acceso: \today},
	year = {2024}
}
@misc{Lambda,
	author = {AWS},
	title = {Qué es AWS Lambda.},
	howpublished = {Disponible en: \url{https://docs.aws.amazon.com/es_es/lambda/latest/dg/welcome.html}},
	note = {Ultimo Acceso: \today},
	year = {2023}
}
@misc{Gateway,
	author = {AWS},
	title = {Amazon API Gateway.},
	howpublished = {Disponible en: \url{https://aws.amazon.com/es/api-gateway/}},
	note = {Ultimo Acceso: \today},
	year = {2023}
}
@misc{Android,
	author = {Android Studio},
	title = {Android Studio},
	howpublished = {Disponible en: \url{https://developer.android.com/studio?hl=es-419}},
	note = {Ultimo Acceso: \today},
	year = {2024}
}
@misc{Amplify,
	author = {AWS},
	title = {AWS Amplify Hosting},
	howpublished = {Disponible en: \url{https://aws.amazon.com/es/amplify/hosting/}},
	note = {Ultimo Acceso: \today},
	year = {2023s}
}
@misc{Cognito,
	author = {AWS},
	title = {Amazon Cognito},
	howpublished = {Disponible en: \url{https://aws.amazon.com/es/cognito/}},
	note = {Ultimo Acceso: \today},
	year = {2023}
}
@misc{DynamoDb,
	author = {AWS},
	title = {Amazon DynamoDB},
	howpublished = {Disponible en: \url{https://aws.amazon.com/es/dynamodb/}},
	note = {Ultimo Acceso: \today},
	year = {2023}
}